<record><leader>00000cas a22000007a 4500</leader><controlfield tag="001">10215282</controlfield><controlfield tag="008">831213d18521867pauwr ne      0    0eng d</controlfield><datafield ind1=" " ind2=" " tag="010"><subfield code="a">sn 83032209 </subfield></datafield><datafield ind1=" " ind2=" " tag="040"><subfield code="a">NPU</subfield><subfield code="b">eng</subfield><subfield code="c">NPU</subfield><subfield code="d">NPX</subfield><subfield code="d">NPH</subfield><subfield code="d">OCLCQ</subfield></datafield><datafield ind1=" " ind2=" " tag="042"><subfield code="a">msc</subfield></datafield><datafield ind1="0" ind2="0" tag="245"><subfield code="a">Indiana weekly register.</subfield></datafield><datafield ind1="3" ind2="0" tag="246"><subfield code="a">Indiana register</subfield></datafield><datafield ind1="3" ind2="0" tag="246"><subfield code="a">Weekly register</subfield></datafield><datafield ind1=" " ind2=" " tag="260"><subfield code="a">Indiana, Pa. :</subfield><subfield code="b">S.B. Row,</subfield><subfield code="c">1852-1867.</subfield></datafield><datafield ind1=" " ind2=" " tag="300"><subfield code="a">15 v. ;</subfield><subfield code="c">63 cm.</subfield></datafield><datafield ind1=" " ind2=" " tag="310"><subfield code="a">Weekly</subfield></datafield><datafield ind1="0" ind2=" " tag="362"><subfield code="a">New ser. v. 1, no. 27 (Dec. 29, 1852)- ; v. 3, no. 39 (Mar. 27, 1855)-v. 15, no. 32 (Jan. 30, 1867).</subfield></datafield><datafield ind1=" " ind2=" " tag="580"><subfield code="a">Merged with: Indiana true American, to form: Indiana register and American. Cf. Rossell, G. Pa. newspapers.</subfield></datafield><datafield ind1=" " ind2=" " tag="752"><subfield code="a">United States</subfield><subfield code="b">Pennsylvania</subfield><subfield code="c">Indiana</subfield><subfield code="d">Indiana.</subfield></datafield><datafield ind1="0" ind2="0" tag="780"><subfield code="t">Indiana register (Indiana, Pa.)</subfield><subfield code="w">(DLC)sn 87079945</subfield></datafield><datafield ind1="1" ind2="7" tag="785"><subfield code="t">Indiana true American</subfield><subfield code="w">(DLC)sn 87079944</subfield></datafield><datafield ind1="1" ind2="7" tag="785"><subfield code="t">Indiana register and American</subfield><subfield code="w">(DLC)sn 87079943</subfield></datafield><datafield ind1="1" ind2=" " tag="029"><subfield code="a">AU@</subfield><subfield code="b">000025835796</subfield></datafield></record>